@article{dingemanse2024interactive,
  title = {Interactive repair and the foundations of language},
  journal = {Trends in Cognitive Sciences},
  volume = {28},
  number = {1},
  pages = {30-42},
  year = {2024},
  issn = {1364-6613},
  doi = {https://doi.org/10.1016/j.tics.2023.09.003},
  url = {https://www.sciencedirect.com/science/article/pii/S1364661323002504},
  author = {Mark Dingemanse and N.J. Enfield}
}

@article{turing1950computing,
    author = {Turing, A.M.},
    title = "{I.—COMPUTING MACHINERY AND INTELLIGENCE}",
    journal = {Mind},
    volume = {LIX},
    number = {236},
    pages = {433-460},
    year = {1950},
    month = {10},
    issn = {0026-4423},
    doi = {10.1093/mind/LIX.236.433},
    url = {https://doi.org/10.1093/mind/LIX.236.433},
    eprint = {https://academic.oup.com/mind/article-pdf/LIX/236/433/30123314/lix-236-433.pdf},
}

@incollection{levinson2019natural,
    author = {Levinson, Stephen C.},
    isbn = {9780262349420},
    title = "{Natural Forms of Purposeful Interaction among Humans: What Makes Interaction Effective?}",
    booktitle = "{Interactive Task Learning: Humans, Robots, and Agents Acquiring New Tasks through Natural Interactions}",
    publisher = {The MIT Press},
    year = {2019},
    month = {09},
    doi = {10.7551/mitpress/11956.003.0012},
    url = {https://doi.org/10.7551/mitpress/11956.003.0012},
    eprint = {https://direct.mit.edu/book/chapter-pdf/2252650/9780262349420\_c000700.pdf},
}

@article{enfield2017concept,
  author = {NJ Enfield and Jack Sidnell},
  title = {On the concept of action in the study of interaction},
  journal = {Discourse Studies},
  volume = {19},
  number = {5},
  pages = {515-535},
  year = {2017},
  doi = {10.1177/1461445617730235},
  URL = {https://doi.org/10.1177/1461445617730235},
  eprint = { https://doi.org/10.1177/1461445617730235}
}

@article{skantze2021turntaking,
  title = {Turn-taking in Conversational Systems and Human-Robot Interaction: A Review},
  journal = {Computer Speech & Language},
  volume = {67},
  pages = {101178},
  year = {2021},
  issn = {0885-2308},
  doi = {https://doi.org/10.1016/j.csl.2020.101178},
  url = {https://www.sciencedirect.com/science/article/pii/S088523082030111X},
  author = {Gabriel Skantze}
}

@article{kumar2024dialogue, 
  title={Dialogue agents 101: a beginner’s guide to critical ingredients for designing effective conversational systems}, 
  DOI={10.1017/nlp.2024.42}, 
  journal={Natural Language Processing}, 
  author={Kumar, Shivani and Bhatia, Sumit and Aggarwal, Milan and Chakraborty, Tanmoy}, 
  year={2024}, 
  pages={1–39}
}
